@misc{wiki:latex,
       author = "Wikipedia",
       title = "LaTeX --- Wikipedia{,} La enciclopedia libre",
       year = "2015",
       howpublished = {\url{https://es.wikipedia.org/w/index.php?title=LaTeX&oldid=84209252}},
       note = "[Internet; descargado 30-septiembre-2015]"
}

@misc{arduinoNanoEvery,
       author = "Arduino",
       title = "Arduino Nano Every",
       year = "2023",
       howpublished = {\url{https://store.arduino.cc/products/arduino-nano-every}},
       note = "[Internet; descargado 10-junio-2024]"
}

@misc{pololuQTR8A,
       author = "Pololu",
       title = "QTR-8A Reflectance Sensor Array",
       year = "2023",
       howpublished = {\url{https://www.pololu.com/product/960}},
       note = "[Internet; descargado 10-junio-2024]"
}

@misc{pololuOPT3101,
       author = "Pololu",
       title = "OPT3101 Distance Sensor",
       year = "2023",
       howpublished = {\url{https://www.pololu.com/product/3101}},
       note = "[Internet; descargado 10-junio-2024]"
}

@book{koza92,
    author    = "Koza, John R.",
    title     = "Genetic Programming: On the Programming of Computers by Means of Natural Selection",
    publisher = "MIT Press",
    year      = "1992"
}

@book{ogata2010,
    author    = "Ogata, Katsuhiko",
    title     = "Modern Control Engineering",
    publisher = "Prentice Hall",
    year      = "2010"
}
