
@misc{scrumGuide,
    author = "Schwaber, Ken and Sutherland, Jeff",
    title = "The Scrum Guide",
    year = "2020",
    howpublished = {\url{https://www.scrumguides.org/scrum-guide.html}},
    note = "[Internet; descargado 10-junio-2024]"
}

@misc{arduinoNanoEvery,
       author = "Arduino",
       title = "Arduino Nano Every",
       year = "2023",
       howpublished = {\url{https://store.arduino.cc/products/arduino-nano-every}},
       note = "[Internet; descargado 10-junio-2024]"
}


@misc{youtrack,
    author = "JetBrains",
    title = "YouTrack",
    year = "2023",
    howpublished = {\url{https://www.jetbrains.com/youtrack/}},
    note = "[Internet; descargado 10-junio-2024]"
}

@misc{pololuQTR8A,
    author = "Pololu",
    title = "QTR-8A Reflectance Sensor Array",
    year = "2023",
    howpublished = {\url{https://www.pololu.com/product/960}},
    note = "[Internet; descargado 10-junio-2024]"
}

@misc{pololuOPT3101,
    author = "Pololu",
    title = "OPT3101 Distance Sensor",
    year = "2023",
    howpublished = {\url{https://www.pololu.com/product/3101}},
    note = "[Internet; descargado 10-junio-2024]"
}

@book{ogata2010,
    author    = "Ogata, Katsuhiko",
    title     = "Modern Control Engineering",
    publisher = "Prentice Hall",
    year      = "2010"
}
